@misc{O.LSignal,
author = {Ole kiel Jensen and Ming Shen},
title = {EIT/ITC Signal Processing},
year = {2015},
howpublished = {Presentation},
note = {Slides located on CD},
}

@book{YDing,
author = {Yongwang Ding and Ramesh Harjani},
title = {High-Linearity CMOS RF Front-End Circuits},
date = {2006},
OPTeditor = {editor},                  %-------------------NOTES-------------------%  
OPTeditora = {editora},                %  The tag (here YDing) should be the       %
OPTeditorb = {editorb},                %  [1st letter of the authors 1st name] +   %
OPTeditorc = {editorc},                %  [his last name in camel case].           %
OPTtranslator = {translator},          %  With multiple authors (like here) only   %
OPTannotator = {annotator},            %  use the first one.                       %
OPTcommentator = {commentator},        %  (This is done in order to prevent the    %
OPTintroduction = {introduction},      %  same source appearing twice - should it  %
OPTforeword = {foreword},              %  happen, an error will be generated)      %
OPTafterword = {afterword},            %-------------------------------------------%
OPTsubtitle = {subtitle},              %  Using the auto generated entries         %
OPTtitleaddon = {titleaddon},          %  and filling in as much as possible       %
OPTmaintitle = {maintitle},            %  will make it easier to manage while      %   
OPTmainsubtitle = {mainsubtitle},      %  also avoiding a whole lot of errors.     %
OPTmaintitleaddon = {maintitleaddon},  %-------------------------------------------%
OPTlanguage = {language},              %  To compile the bibliography you need the %
OPToriglanguage = {origlanguage},      %  biber.exe file to be in your editors     %
OPTvolume = {volume},                  %  directory. In Windows 8/10 it might not  %
OPTpart = {part},                      %  let you do this, so you need to open     %
OPTedition = {edition},                %  command prompt with administrative       %---------------%
OPTvolumes = {volumes},                %  privileges and write something like:                     %
OPTseries = {series},                  %  C:\>move biber.exe "C:/Program Files (x86)/TeXstudio"    %
OPTnumber = {number},                  %  For mac setup should be relatively                       %
OPTnote = {note},                      %  straightforward, for more information    %---------------%
OPTpublisher = {publisher},            %  google: mac and biber.                   %
OPTlocation = {location},              %------------------------------------------ %
OPTisbn = {9780387238029},
OPTchapter = {chapter},
OPTpages = {pages},
OPTpagetotal = {pagetotal},
OPTaddendum = {addendum},
OPTpubstate = {pubstate},
OPTdoi = {doi},
OPTeprint = {eprint},
OPTeprintclass = {eprintclass},
OPTeprinttype = {eprinttype},
OPTurl = {url},
OPTurldate = {urldate},
}

%% Bibliography for Cubli report %%
@article{MGajamohan,
	author = {Mohanarajah Gajamohan, Michael Merz, Igor Thommen and Raffaello Dâ€™Andrea},
	title = {The Cubli: A Cube that can Jump Up and Balance},
	journaltitle = {2012 IEEE/RSJ International Conference on
	Intelligent Robots and Systems},
	date = {October 7-12 2012 },
	OPTtranslator = {translator},
	OPTannotator = {annotator},
	OPTcommentator = {commentator},
	OPTsubtitle = {subtitle},
	OPTtitleaddon = {titleaddon},
	OPTeditor = {editor},
	OPTeditora = {editora},
	OPTeditorb = {editorb},
	OPTeditorc = {editorc},
	OPTjournalsubtitle = {journalsubtitle},
	OPTissuetitle = {issuetitle},
	OPTissuesubtitle = {issuesubtitle},
	OPTlanguage = {language},
	OPToriglanguage = {origlanguage},
	OPTseries = {series},
	OPTvolume = {volume},
	OPTnumber = {number},
	OPTeid = {eid},
	OPTissue = {issue},
	OPTmonth = {month},
	OPTpages = {pages},
	OPTversion = {version},
	OPTnote = {note},
	OPTissn = {issn},
	OPTaddendum = {addendum},
	OPTpubstate = {pubstate},
	OPTdoi = {doi},
	OPTeprint = {eprint},
	OPTeprintclass = {eprintclass},
	OPTeprinttype = {eprinttype},
	OPTurl = {url},
	OPTurldate = {urldate},
}



%% Bibliography for Lawn mower report %%

% Articles %
@article{Miller,
	author 	= {Keith M. Miller},
	title 	= {A Review of GLONASS},
	journaltitle = {Hydrographic Journal},
	year 	= {2000},
}

% Online %
@online{Microsoft,
author = {Microsoft support},
title = {The OSI Model's Seven Layers Defined and Functions Explained},
year = {2014},
url = {https://support.microsoft.com/en-us/kb/103884},
}

@online{Digi,
author = {Digi International},
title = {Specs on the XBee DigiMesh 2.4},
urldate = {16-12-2015},
url = {http://www.digi.com/products/xbee-rf-solutions/modules/xbee-digimesh-2-4#specifications},
}

@online{elasticsheep,
author = {elasticsheep},
title = {Reading an SD card with an ATMEGA168},
date = {January 12th, 2010},
url = {http://elasticsheep.com/2010/01/reading-an-sd-card-with-an-atmega168/},
}

@online{jeromeabel,
author = {jeromeabel},
title = {Xbee and Arduino setup},
urldate = {16-12-2015},
url = {http://jeromeabel.net/ressources/xbee-arduino},
}

@online{ArduMega,
author = {Leandro},
title = {Information on the Arduino Mega},
urldate = {16-12-2015},
url = {http://saber.patagoniatecnology.com/arduino-mega-2560-atmega-mega-arduino-clon-compatible-argentina-tutorial-basico-informacion-arduino-argentina-ptec/},
}

@online{DriverShield,
author = {Pololu},
title = {Pololu Dual VNH5019 Motor Driver Shield for Arduino},
urldate = {16-12-2015},
url = {https://www.pololu.com/product/2502},
}

https://www.pololu.com/product/2502

@online{SDassociation,
author = {SD Association},
title = {SD standards},
urldate = {16-12-2015},
url = {https://www.sdcard.org/developers/overview/index.html},
}

@online{LyonsR.G,
author = {Lyons R.G.},
title = {IMPULSE INVARIANCE IIR FILTER DESIGN METHOD},
year = {2013},
url = {http://flylib.com/books/en/2.729.1.69/1/},
}

@online{Robomow,
author = {Robomow},
title = {Operating Manual},
year = {2014},
url = {http://robomow.com/wp-content/themes/robomow/images/user-manual/user-manual-rcmc-en-GB.pdf},
}

@online{HallDS,
author = {Siemens},
title = {TLE4905 datasheet},
year = {1992},
url = {http://www.komponenten.es.aau.dk/fileadmin/komponenten/Data_Sheet/Linear/TLE4905.pdf},
}

@online{Philips,
author = {Philips},
title = {Bi-directional level shifter for I2C-bus and othersystems.},
year = {1997},
url = {https://www.adafruit.com/datasheets/an97055.pdf},
}



@online{4050B,
author = {NXP},
title = {HEF4050B datasheet},
year = {2011},
url = {http://www.nxp.com/documents/data_sheet/HEF4050B.pdf},
}


@online{L4941,
author = {ST},
title = {L4941 datasheet},
year = {2004},
url = {http://www.komponenten.es.aau.dk/fileadmin/komponenten/Data_Sheet/Spaendingsreg/L4941.pdf},
}

@online{MOSFET,
author = {Fairchild Semiconductor},
title = {FDV303N datasheet},
year = {1997},
url = {http://www.farnell.com/datasheets/276083.pdf},
}

@online{GoTWebsitePos,
  editor  = {GamesOnTrack A.S},
  title   = {Games on Track GT-Position},
  year    = {2012-2015},
  url     = {http://www.gamesontrack.co.uk/pages/webside.asp?articleGuid=64556},
}

@online{GPSUSWebsiteAccuracy,
  editor  = {USA National Coordination Office for Space-Based Positioning, Navigation, and Timing},
  title   = {GPS Accuracy},
  year    = {2014},
  url     = {http://www.gps.gov/systems/gps/performance/accuracy/},
}

@online{PuTTY,
  editor  = {PuTTY.org},
  title   = {PuTTY software},
  year    = {October 2015},
  url     = {http://www.putty.org/},
}

@online{ArduinoIDE,
  editor  = {Arduino},
  title   = {Arduino IDE},
  year    = {October 2015},
  url     = {https://www.arduino.cc/en/Main/Software},
}

@online{Atmega,
  editor  = {Atmel},
  title   = {Atmega 2560 datasheet},
  year    = {2014},
  month   = {February},
  url     = {http://www.atmel.com/images/atmel-2549-8-bit-avr-microcontroller-atmega640-1280-1281-2560-2561_datasheet.pdf},
}

@online{Mega2560FritzingSchem,
  editor  = {Fritzing},
  title   = {Atmega 2560 Fritzing Schematic},
  urldate    = {2015-12-16},
  url     = {http://saber.patagoniatec.com/arduino-mega-2560-atmega-mega-arduino-clon-compatible-argentina-tutorial-basico-informacion-arduino-argentina-ptec/},
}

@online{Avrdude,
  author = {gvz},
  title = {avrdude Github Repository},
  year = {2000},
  urldate = {2015-12-04},
  url = {https://github.com/gvz/avrdude},
  OPTlanguage = {English},
  OPTversion = {version},
  OPTnote = {note},
  OPTorganization = {organization},
}

@online{MechanicalEngineering,
  ALTauthor = {author},
  ALTeditor = {editor},
  title   = {Construction working of differential assembly},
  year    = {2011},
  month   = {July},
  url = {http://mechanicalmania.blogspot.dk/2011/07/construction-working-of-differential.html},
}


@online{ArduinoPWM,
  author  = {Ken Shirriff},
  editor  = {Arduino},
  title   = {Secrets of Arduino PWM},
  url     = {https://www.arduino.cc/en/Tutorial/SecretsOfArduinoPWM},
}

@online{MegaInfo,
  editor  = {Arduino},
  title   = {Arduino Mega Specifications},
  url     = {https://www.arduino.cc/en/Main/ArduinoBoardMega2560},
}

@online{Bosch,
  editor  = {Bosch},
  title   = {Bosch Indego},
  url     = {https://www.bosch-garden.com/gb/en/garden-tools/indego-logicut.jsp},
  urldate = {2015-12-15}
}

@online{Sparkfun9D0F,
  editor  = {Sparkfun},
  title   = {SparkFun 9 Degrees of Freedom - Sensor Stick},
  url     = {https://www.sparkfun.com/products/10724},
  urldate = {2015-12-15}
}

@online{9dog,
author = {Sparkfun},
title = {Accelerometer, Gyro and IMU Buying Guide},
year = {2014},
url = {https://www.sparkfun.com/pages/accel_gyro_guide},
}

@online{MWAW81P,
ALTauthor = {author},
ALTeditor = {editor},
title = {MWA-W8-1-P},
date = {2015-10-09},
url =  {http://www.icom-memo.de/PDF%20Kataloge/MWAs/Dyn.%20MWAs/Dyn.%20MWAs%20zyl.We/MWA-W8-P.pdf},
OPTsubtitle = {subtitle},
OPTtitleaddon = {titleaddon},
OPTlanguage = {language},
OPTversion = {version},
OPTnote = {note},
OPTorganization = {organization},
OPTdate = {date},
OPTmonth = {month},
OPTyear = {year},
OPTaddendum = {addendum},
OPTpubstate = {pubstate},
OPTurldate = {urldate},
}

@online{BatteryDS,
ALTauthor = {ANSMANN Racing},
ALTeditor = {editor},
title = {NiMH RC - Battery Pack 7.2V 470011mAh},
date = {2012-05-14},
url =  {http://www.farnell.com/datasheets/1722828.pdf},
OPTsubtitle = {subtitle},
OPTtitleaddon = {titleaddon},
OPTlanguage = {English},
OPTversion = {version},
OPTnote = {note},
OPTorganization = {organization},
OPTdate = {date},
OPTmonth = {month},
OPTyear = {year},
OPTaddendum = {addendum},
OPTpubstate = {pubstate},
OPTurldate = {2015-12-10},
}

@online{HMC5883L,
ALTauthor = {Honeywell},
title = {3-Axis Digital Compass IC HMC5883L},
year  = {2013},
month = {February},
url   = {http://www51.honeywell.com/aero/common/documents/myaerospacecatalog-documents/Defense_Brochures-documents/HMC5883L_3-Axis_Digital_Compass_IC.pdf},
language   = {English},
version    = {900405 Rev E},
urldate  = {2015-12-05},
}

@online{Pololu,
ALTauthor = {Pololu Corporation},
title = {Pololu Dual VNH5019 Motor Driver Shield Userâ€™s Guide},
year  = {2014},
url   = {https://www.pololu.com/docs/pdf/0J49/dual_vnh5019_motor_driver_shield.pdf},
language   = {English},
}

@online{MagMaster,
author  = {Yury Matselenak},
title   = {3-Axis Digital Compass IC HMC5883L},
date    =  {2014-06-01},
url     = {http://diydrones.com/profiles/blogs/advanced-hard-and-soft-iron-magnetometer-calibration-for-dummies
},
language = {English},
urldate  = {2015-12-08},
}

@online{Xbee,
author  = {Digi International},
title   = {XBEE 802.15.4 RF MODULES},
year    =  {2015},
url     = {http://www.digi.com/pdf/ds_xbeemultipointmodules.pdf},
language = {English},
urldate  = {2015-12-16},
}

@online{IEEE812154,
author  = {IEEE Computer Society},
title   = {IEEE Standard for Information technology â€” Telecommunications and information exchange between systems â€” Local and metropolitan area networks},
subtitle = {Part 15.4: Wireless Medium Access Control (MAC) and Physical Layer (PHY) Specifications for Low-Rate Wireless Personal Area Networks (WPANs)},
date    =  {2009-04-17},
language = {English},
urldate  = {2015-12-16},
notes   = {Document located on CD}
}

@book{Franklin,
author = {Franklin, Powell, Emami-Naeini},
title = {Feedback Control of Dynamic Systems},
year = {2014},
OPTeditor = {â€¢},
OPTeditora = {â€¢},
OPTeditorb = {â€¢},
OPTeditorc = {â€¢},
OPTtranslator = {â€¢},
OPTannotator = {â€¢},
OPTcommentator = {â€¢},
OPTintroduction = {â€¢},
OPTforeword = {â€¢},
OPTafterword = {â€¢},
OPTsubtitle = {â€¢},
OPTtitleaddon = {â€¢},
OPTmaintitle = {â€¢},
OPTmainsubtitle = {â€¢},
OPTmaintitleaddon = {â€¢},
OPTlanguage = {â€¢},
OPToriglanguage = {â€¢},
OPTvolume = {â€¢},
OPTpart = {â€¢},
OPTedition = {â€¢},
OPTvolumes = {â€¢},
OPTseries = {â€¢},
OPTnumber = {â€¢},
OPTnote = {â€¢},
OPTpublisher = {â€¢},
OPTlocation = {â€¢},
OPTisbn = {â€¢},
OPTchapter = {â€¢},
OPTpages = {â€¢},
OPTpagetotal = {â€¢},
OPTaddendum = {â€¢},
OPTpubstate = {â€¢},
OPTdoi = {â€¢},
OPTeprint = {â€¢},
OPTeprintclass = {â€¢},
OPTeprinttype = {â€¢},
OPTurl = {â€¢},
OPTurldate = {â€¢},
}

@book{AVOppenheim,
author = {Alan V. Oppenheim and Ronald W. Schafer},
title = {Discrete-Time Signal Processing},
year = {2014},
OPTeditor = {â€¢},
OPTeditora = {â€¢},
OPTeditorb = {â€¢},
OPTeditorc = {â€¢},
OPTtranslator = {â€¢},
OPTannotator = {â€¢},
OPTcommentator = {â€¢},
OPTintroduction = {â€¢},
OPTforeword = {â€¢},
OPTafterword = {â€¢},
OPTsubtitle = {â€¢},
OPTtitleaddon = {â€¢},
OPTmaintitle = {â€¢},
OPTmainsubtitle = {â€¢},
OPTmaintitleaddon = {â€¢},
OPTlanguage = {â€¢},
OPToriglanguage = {â€¢},
OPTvolume = {â€¢},
OPTpart = {â€¢},
OPTedition = {â€¢},
OPTvolumes = {â€¢},
OPTseries = {â€¢},
OPTnumber = {â€¢},
OPTnote = {â€¢},
OPTpublisher = {â€¢},
OPTlocation = {â€¢},
OPTisbn = {â€¢},
OPTchapter = {â€¢},
OPTpages = {â€¢},
OPTpagetotal = {â€¢},
OPTaddendum = {â€¢},
OPTpubstate = {â€¢},
OPTdoi = {â€¢},
OPTeprint = {â€¢},
OPTeprintclass = {â€¢},
OPTeprinttype = {â€¢},
OPTurl = {â€¢},
OPTurldate = {â€¢},
}

% Reports %

@report{KHSoerensen,
author = {Kim Hylling SÃ¸rensen and Mikkel ThÃ¸gersen and Martin MÃ¸ldrup and Simon V. Johansen and Antoine Estruch},
title = {Measurement Car},
type = {Technical Report},
institution = {Aalborg University},
date = {2012-12-20},
OPTsubtitle = {subtitle},
OPTtitleaddon = {titleaddon},
OPTlanguage = {language},
OPTnumber = {number},
OPTversion = {version},
OPTnote = {note},
OPTlocation = {location},
OPTmonth = {month},
OPTisrn = {isrn},
OPTchapter = {chapter},
OPTpages = {pages},
OPTpagetotal = {pagetotal},
OPTaddendum = {addendum},
OPTpubstate = {pubstate},
OPTdoi = {doi},
OPTeprint = {eprint},
OPTeprintclass = {eprintclass},
OPTeprinttype = {eprinttype},
OPTurl = {url},
OPTurldate = {urldate},
}

% Misc. %

@misc{futaba,
ALTauthor = {author},
ALTeditor = {editor},
title = {Futaba S3003},
date = {2015-10-23},
OPTsubtitle = {subtitle},
OPTtitleaddon = {titleaddon},
OPTlanguage = {language},
OPThowpublished = {howpublished},
OPTtype = {type},
OPTversion = {version},
OPTnote = {note},
OPTorganization = {organization},
OPTlocation = {location},
OPTdate = {date},
OPTmonth = {month},
OPTyear = {year},
OPTaddendum = {addendum},
OPTpubstate = {pubstate},
OPTdoi = {doi},
OPTeprint = {eprint},
OPTeprintclass = {eprintclass},
OPTeprinttype = {eprinttype},
url = {http://www.servodatabase.com/servo/futaba/s3003},
urldate = {2015-11-26},
}

@misc{KMNielsen,
ALTauthor = {Kirsten M. Nielsen},
title = {Analogue and Digital Control 1},
date = {2015-10-02},
OPTlanguage = {English},
OPThowpublished = {howpublished},
OPTtype = {slides},
OPTorganization = {Aalborg University},
url = {http://www.moodle.aau.dk/},
urldate = {2015-08-12},
}

@BOOK{JJankowzki,
  author = {Jerzy Jankowski and Christian Sucksdorff},
  title = {IAGA Guide for Magnetic Measurements and Observatory Practice},
  publisher = {International Association of Geomagnetism and Aeronomy},
  year = {1996},
  ISBN = {0-9650686-2-5}
}


@misc{J.M.Network,
author = {Jens Myer},
title = {Introduction to communication networks},
year = {2015},
howpublished = {Presentation},
note = {Slides located on CD},
}

@misc{STMicroelectronics,
author = {STMicroelectronics},
ALTeditor = {editor},
title = {Automotive fully integrated H-bridge motor driver},
date = {2013-09-19},
OPTsubtitle = {subtitle},
OPTtitleaddon = {titleaddon},
OPTlanguage = {language},
OPThowpublished = {howpublished},
type = {Datasheet},
version = {Rev 9},
note = {VNH5019A-E},
OPTorganization = {organization},
OPTlocation = {location},
OPTdate = {date},
OPTmonth = {month},
OPTyear = {year},
OPTaddendum = {addendum},
OPTpubstate = {pubstate},
OPTdoi = {doi},
OPTeprint = {eprint},
OPTeprintclass = {eprintclass},
OPTeprinttype = {eprinttype},
OPTurl = {url},
OPTurldate = {urldate},
}

@manual{PCorporation,
ALTauthor = {Pololu Corporation},
ALTeditor = {editor},
title = {Pololu Dual VNH5019 Motor Driver Shield Userâ€™s Guide},
date = {2014},
OPTsubtitle = {subtitle},
OPTtitleaddon = {titleaddon},
OPTlanguage = {language},
OPTedition = {edition},
OPTtype = {type},
OPTseries = {series},
OPTnumber = {number},
OPTversion = {version},
OPTnote = {note},
OPTorganization = {organization},
OPTpublisher = {publisher},
OPTlocation = {location},
OPTisbn = {isbn},
OPTchapter = {chapter},
OPTpages = {pages},
OPTpagetotal = {pagetotal},
OPTaddendum = {addendum},
OPTpubstate = {pubstate},
OPTdoi = {doi},
OPTeprint = {eprint},
OPTeprintclass = {eprintclass},
OPTeprinttype = {eprinttype},
OPTurl = {url},
OPTurldate = {urldate},
}

@book{DCook,
author = {David Cook},
title = {Intermediate Robot Building},
date = {2010},
OPTeditor = {editor},
OPTeditora = {editora},
OPTeditorb = {editorb},
OPTeditorc = {editorc},
OPTtranslator = {translator},
OPTannotator = {annotator},
OPTcommentator = {commentator},
OPTintroduction = {introduction},
OPTforeword = {foreword},
OPTafterword = {afterword},
OPTsubtitle = {subtitle},
OPTtitleaddon = {titleaddon},
OPTmaintitle = {maintitle},
OPTmainsubtitle = {mainsubtitle},
OPTmaintitleaddon = {maintitleaddon},
OPTlanguage = {language},
OPToriglanguage = {origlanguage},
OPTvolume = {volume},
OPTpart = {part},
OPTedition = {edition},
OPTvolumes = {volumes},
series = {Technology in action series},
OPTnumber = {number},
OPTnote = {note},
publisher = {Apress},
OPTlocation = {location},
isbn = {9781430227540},
OPTchapter = {chapter},
OPTpages = {pages},
OPTpagetotal = {pagetotal},
OPTaddendum = {addendum},
OPTpubstate = {pubstate},
OPTdoi = {doi},
OPTeprint = {eprint},
OPTeprintclass = {eprintclass},
OPTeprinttype = {eprinttype},
url = {https://books.google.dk/books?id=08cxDBE2icUC},
urldate = {2015-12-15},
}

@book{DMcRoberts,
author = {Michael McRoberts},
title = {Beginning Arduino},
date = {2013},
OPTeditor = {editor},
OPTeditora = {editora},
OPTeditorb = {editorb},
OPTeditorc = {editorc},
OPTtranslator = {translator},
OPTannotator = {annotator},
OPTcommentator = {commentator},
OPTintroduction = {introduction},
OPTforeword = {foreword},
OPTafterword = {afterword},
OPTsubtitle = {subtitle},
OPTtitleaddon = {titleaddon},
OPTmaintitle = {maintitle},
OPTmainsubtitle = {mainsubtitle},
OPTmaintitleaddon = {maintitleaddon},
OPTlanguage = {language},
OPToriglanguage = {origlanguage},
OPTvolume = {volume},
OPTpart = {part},
OPTedition = {edition},
OPTvolumes = {volumes},
series = {SpringerLink : B{\"u}cher},
OPTnumber = {number},
OPTnote = {note},
publisher = {Apress},
OPTlocation = {location},
isbn = {9781430250166},
OPTchapter = {chapter},
OPTpages = {pages},
OPTpagetotal = {pagetotal},
OPTaddendum = {addendum},
OPTpubstate = {pubstate},
OPTdoi = {doi},
OPTeprint = {eprint},
OPTeprintclass = {eprintclass},
OPTeprinttype = {eprinttype},
url = {https://books.google.dk/books?id=QTbyAAAAQBAJ},
urldate = {2015-12-15},
}

@online{Biezl,
author = {Biezl},
ALTeditor = {editor},
title = {Vierquadrantensteller},
date = {2010-10-23},
url = {https://commons.wikimedia.org/wiki/File:Vierquadrantensteller.svg},
OPTsubtitle = {subtitle},
OPTtitleaddon = {titleaddon},
OPTlanguage = {language},
OPTversion = {version},
OPTnote = {note},
OPTorganization = {organization},
OPTdate = {date},
OPTmonth = {month},
OPTyear = {year},
OPTaddendum = {addendum},
OPTpubstate = {pubstate},
urldate = {2015-12-15},
}

@misc{PAndersen,
ALTauthor = {Palle Andersen},
ALTeditor = {editor},
title = {Pulse Width Modulation},
date = {2015-12-16},
OPTsubtitle = {subtitle},
OPTtitleaddon = {titleaddon},
OPTlanguage = {language},
OPThowpublished = {howpublished},
type = {Slides},
OPTversion = {version},
OPTnote = {note},
OPTorganization = {organization},
OPTlocation = {location},
OPTdate = {date},
OPTmonth = {month},
OPTyear = {year},
OPTaddendum = {addendum},
OPTpubstate = {pubstate},
OPTdoi = {doi},
OPTeprint = {eprint},
OPTeprintclass = {eprintclass},
OPTeprinttype = {eprinttype},
OPTurl = {url},
OPTurldate = {urldate},
}

@misc{PAndersenMek,
ALTauthor = {Palle Andersen},
ALTeditor = {editor},
title = {Mechanical systems II},
date = {2015-11-09},
OPTsubtitle = {subtitle},
OPTtitleaddon = {titleaddon},
OPTlanguage = {language},
OPThowpublished = {howpublished},
type = {Slides},
OPTversion = {version},
OPTnote = {note},
OPTorganization = {organization},
OPTlocation = {location},
OPTdate = {date},
OPTmonth = {month},
OPTyear = {year},
OPTaddendum = {addendum},
OPTpubstate = {pubstate},
OPTdoi = {doi},
OPTeprint = {eprint},
OPTeprintclass = {eprintclass},
OPTeprinttype = {eprinttype},
OPTurl = {url},
OPTurldate = {urldate},
}

@book{BGLiptak,
author = {Bela G. Liptak},
title = {nstrument Engineers' Handbook, Fourth Edition, Volume Two: Process Control and Optimization},
date = {2005},
OPTeditor = {editor},
OPTeditora = {editora},
OPTeditorb = {editorb},
OPTeditorc = {editorc},
OPTtranslator = {translator},
OPTannotator = {annotator},
OPTcommentator = {commentator},
OPTintroduction = {introduction},
OPTforeword = {foreword},
OPTafterword = {afterword},
OPTsubtitle = {subtitle},
OPTtitleaddon = {titleaddon},
OPTmaintitle = {maintitle},
OPTmainsubtitle = {mainsubtitle},
OPTmaintitleaddon = {maintitleaddon},
OPTlanguage = {language},
OPToriglanguage = {origlanguage},
OPTvolume = {volume},
OPTpart = {part},
OPTedition = {edition},
OPTvolumes = {volumes},
series = {Instrument Engineers' Handbook},
OPTnumber = {number},
OPTnote = {note},
publisher = {CRC Press},
OPTlocation = {location},
isbn = {9781420064001},
OPTchapter = {chapter},
OPTpages = {pages},
OPTpagetotal = {pagetotal},
OPTaddendum = {addendum},
OPTpubstate = {pubstate},
OPTdoi = {doi},
OPTeprint = {eprint},
OPTeprintclass = {eprintclass},
OPTeprinttype = {eprinttype},
OPTurl = {https://books.google.dk/books?id=TxKynbyaIAMC},
OPTurldate = {urldate},
}

@book{WSLevine,
author = {William S. Levine},
title = {The Control Handbook},
date = {1996},
OPTeditor = {editor},
OPTeditora = {editora},
OPTeditorb = {editorb},
OPTeditorc = {editorc},
OPTtranslator = {translator},
OPTannotator = {annotator},
OPTcommentator = {commentator},
OPTintroduction = {introduction},
OPTforeword = {foreword},
OPTafterword = {afterword},
OPTsubtitle = {subtitle},
OPTtitleaddon = {titleaddon},
OPTmaintitle = {maintitle},
OPTmainsubtitle = {mainsubtitle},
OPTmaintitleaddon = {maintitleaddon},
OPTlanguage = {language},
OPToriglanguage = {origlanguage},
OPTvolume = {volume},
OPTpart = {part},
OPTedition = {edition},
OPTvolumes = {volumes},
OPTseries = {series},
OPTnumber = {number},
OPTnote = {note},
publisher = {Taylor \& Francis},
OPTlocation = {location},
isbn = {9780849385704},
OPTchapter = {chapter},
OPTpages = {pages},
OPTpagetotal = {pagetotal},
OPTaddendum = {addendum},
OPTpubstate = {pubstate},
OPTdoi = {doi},
OPTeprint = {eprint},
OPTeprintclass = {eprintclass},
OPTeprinttype = {eprinttype},
OPTurl = {https://books.google.dk/books?id=2WQP5JGaJOgC},
OPTurldate = {urldate},
}

@book{KJAAstrom,
author = {Karl Johan Ã…strÃ¶m and Tore HÃ¤gglund},
title = {Advanced PID Control},
date = {2006},
OPTeditor = {editor},
OPTeditora = {editora},
OPTeditorb = {editorb},
OPTeditorc = {editorc},
OPTtranslator = {translator},
OPTannotator = {annotator},
OPTcommentator = {commentator},
OPTintroduction = {introduction},
OPTforeword = {foreword},
OPTafterword = {afterword},
OPTsubtitle = {subtitle},
OPTtitleaddon = {titleaddon},
OPTmaintitle = {maintitle},
OPTmainsubtitle = {mainsubtitle},
OPTmaintitleaddon = {maintitleaddon},
OPTlanguage = {language},
OPToriglanguage = {origlanguage},
OPTvolume = {volume},
OPTpart = {part},
OPTedition = {edition},
OPTvolumes = {volumes},
OPTseries = {series},
OPTnumber = {number},
OPTnote = {note},
publisher = {ISA-The Instrumentation, Systems, and Automation Society},
OPTlocation = {location},
isbn = {9781556179426},
OPTchapter = {chapter},
OPTpages = {pages},
OPTpagetotal = {pagetotal},
OPTaddendum = {addendum},
OPTpubstate = {pubstate},
OPTdoi = {doi},
OPTeprint = {eprint},
OPTeprintclass = {eprintclass},
OPTeprinttype = {eprinttype},
OPTurl = {https://books.google.dk/books?id=XcseAQAAIAAJ},
OPTurldate = {urldate},
}