% Bibliography for AAUSAT5 report %

@book{joakim,
    author    = "Moeslund, Thomas B.",
    title     = "Introduction to video and image processing",
    publisher = "SPringer",
    edition  = "1.",
    year      = "2012",
    note	  = "ISBN: 978-1-4471-2502-0",
}

@inproceedings{fourier_demo,
  title={Color demosaicing by estimating luminance and opponent chromatic signals in the Fourier domain},
  author={Alleysson, David and S{\"u}sstrunk, Sabine and H{\'e}rault, Jeanny},
  booktitle={Color and Imaging Conference},
  volume={2002},
  number={1},
  pages={331--336},
  year={2002},
  organization={Society for Imaging Science and Technology}
}

@MISC{EMC,
  title = {Bekendtg√∏relse af lov om beskyttelse mod elektromagnetiske forstyrrelser},
  author = {Retsinformation},
  note = {Downloaded December 14 2014},
  howpublished = {\url{https://www.retsinformation.dk/Forms/R0710.aspx?id=45371}},
  year = {1991},
}

@inproceedings{rani2013fpga,
  title={FPGA implementation of bilinear interpolation algorithm for CFA demosaicing},
  author={Rani, K Sudha and Hans, W Jino},
  booktitle={Communications and Signal Processing (ICCSP), 2013 International Conference on},
  pages={857--863},
  year={2013},
  organization={IEEE}
}

@book{lukac2008single,
  title={Single-sensor imaging: Methods and applications for digital cameras},
  author={Lukac, Rastislav},
  year={2008},
  publisher={CRC Press}
}


@MISC{Picamera,
  title = {Raspberry Pi Camera Datasheet},
  author = {RASPBERRY PI FOUNDATION},
  note = {Downloaded Feburary 15 2015},
  howpublished = {\url{http://www.raspberrypi.org/documentation/hardware/camera.md}},
  year={2015},
}

@MISC{AAUSAT,
 title = {AAUSAT5 - User Manual},
 author ={AAU Student Space},
 note = {Annex},
 year = {2015},
}

@MISC{AAUTV,
 title = {AAUSAT5 - Thermal Vacuum Test v. 1.2},
 author = {{AAU Student Space}},
 note = {Annex},
 year = {2015},
}

@MISC{AAUSSD,
 title = {AAUSAT5 - System specification document},
 author ={AAU Student Space},
 note = {Annex},
 year = {2015},
}

@MISC{AAU3TRANS,
 title = {Spacelink Format},
 author ={AAU Student Space},
 note = {Downloaded Feburary 27 2015},
 howpublished = {\url{http://www.space.aau.dk/aausat3/index.php?n=Ham.HAMAndRadioInfo}},
 year = {2013},
}



@techreport{AAU5POWER,
 title = {Critical Items List},
 author ={AAU Student Space},
 note = {Downloaded March 18 2015},
 institution = {Aalborg university},
 year = {2014},
}



@MISC{AAUSAT3bit,
  title = {{AAUSAT3}},
  author = {AAU Student Space},
  note = {Downloaded Feburary 27 2015},
  howpublished = {\url{http://www.space.aau.dk/aausat3/index.php?n=Ham.HAMAndRadioInfo}},
  year = {2013},
}

@MISC{PassingAAU,
  title = {{AAUSAT3 passing Aalborg}},
  author = {AAU Student Space},
  note = {Downloaded Feburary 27 2015},
  howpublished = {\url{http://www.space.aau.dk/aausat3/index.php?n=Main.PassingAalborg
}},
  year = {2013},
}


@MISC{color_cicle,
 title = {Color wheel},
 author ={Wikimedia},
 howpublished = {\url{http://upload.wikimedia.org/wikipedia/commons/thumb/3/38/BYR_color_wheel.svg/2000px-BYR_color_wheel.svg.png}},
 year = {2015},
}

@book{oppenheim2010discrete,
	title={Discrete-time Signal Processing},
	author={Oppenheim, A.V. and Schafer, R.W.},
	isbn={9780132067096},
	year={2010},
	publisher={Pearson}
}

@MISC{Image35mm,
  title = "Compare digital camera sensor sizes: full frame 35mm, APS-C, 4/3, 1 inch-Type",
  author = {Tom Dempsey},
  note = {Downloaded Feburary 18 2015},
  howpublished = {\url{http://photoseek.com/2013/compare-digital-camera-sensor-sizes-full-frame-35mm-aps-c-micro-four-thirds-1-inch-type/}},
  year={2015},
}

@MISC{satlab,
  title = {{AAU Satlab}},
  author = {{AAU Student Space}},
  note = {Downloaded Feburary 20 2015},
  howpublished = {\url{http://www.space.aau.dk}},
  year={2015},
}

@MISC{CMOSogCCD,
  title = {What is the difference between CCD and CMOS image sensors in digital camera?},
  author = {Howstuffworks},
  note = {Downloaded Feburary 20 2015},
  howpublished = {\url{http://electronics.howstuffworks.com/cameras-photography/digital/question362.htm}},
  year = {2015},
}

@MISC{i2c_timing,
  title = {I2C basic timings},
  author = {Sparkfun},
  note = {Downloaded Feburary 20 2015},
  howpublished = {\url{https://dlnmh9ip6v2uc.cloudfront.net/assets/6/4/7/1/e/51ae0000ce395f645d000000.png}},
  year={2015},
}

@MISC{i2c,
  title = {I2C},
  author = {Sparkfun},
  note = {Downloaded Feburary 20 2015},
  howpublished = {\url{https://learn.sparkfun.com/tutorials/i2c}},
  year={2015},
}

@MISC{i2cadress,
  title = {I2C bus Addressing},
  author = {I2C-bus},
  note = {Downloaded Feburary 24 2015},
  howpublished = {\url{http://www.i2c-bus.org/addressing/}},
  year={2015},
}

@MISC{CAN,
  title = {CAN Specification},
  author = {Bosch},
  note = {Downloaded Feburary 17 2015},
  howpublished = {\url{http://esd.cs.ucr.edu/webres/can20.pdf}},
  year = {1991},
}


@MISC{CANphysical,
  title = {A CAN Physical Layer Discussion},
  author = {Microchip},
  note = {Downloaded Feburary 17 2015},
  howpublished = {\url{http://ww1.microchip.com/downloads/en/AppNotes/00228a.pdf}},
  year = {2002},
}

@MISC{CAN-frame,
  title = {CAN bus},
  author = {Wikipedia},
  note = {Downloaded Feburary 17 2015},
  howpublished = {\url{http://en.wikipedia.org/wiki/CAN_bus}},
  year = {2015},
}

@MISC{CAN-nodes,
  title = {Overview of CAN},
  author = {Motorola},
  note = {Downloaded Feburary 17 2015},
  howpublished = {\url{https://www.mi.fu-berlin.de/inf/groups/ag-tech/projects/Z_Finished_Projects/ScatterWeb/moduleComponents/CanBus_canover.pdf?1346661370}},
  year = {1999},
}

@MISC{errorframe,
  title = {CAN Bosch Controller Area Network (CAN) Version 2.0},
  author = {Freescale Semiconductor, Inc.},
  note = {Downloaded Feburary 17 2015},
  howpublished = {\url{http://www.freescale.com/files/microcontrollers/doc/data_sheet/BCANPSV2.pdf}},
  year = {2000},
}

@MISC{stuffing,
  title = {Introduction to the Controller Area Network (CAN)},
  author = {Texas Instruments},
  note = {Downloaded Feburary 17 2015},
  howpublished = {\url{http://www.ti.com/lit/an/sloa101a/sloa101a.pdf}},
  year = {2008},
}

@MISC{CCDCMOSspace,
  title = {CCD and CMOS sensors},
  author = {Nick Waltham},
  note = {Downloaded Feburary 23 2015},
  howpublished = {\url{http://download.springer.com/static/pdf/412/chp%253A10.1007%252F978-1-4614-7804-1_23.pdf?auth66=1424701194_3ffa52b17811c9e7fbdbbac3eb33be44&ext=.pdf}},
  year={2015},
}

@MISC{techJPEG,
  title = {All you need to know about JPEG compression},
  author = {Techradar.},
  note = {Downloaded Feburary 23 2015},
  howpublished = {\url{http://www.techradar.com/news/computing/all-you-need-to-know-about-jpeg-compression-586268/2}},
  year = {2009},
}

@MISC{JPEG2000,
  title = {	
Image Compression:
How Math Led to the JPEG2000 Standard},
  author = {WhyDoMath.},
  note = {Downloaded Feburary 23 2015},
  howpublished = {\url{http://www.whydomath.org/node/wavlets/basicjpg.html}},
  year = {2011},
}

@MISC{JPEGtough,
  title = {How does the JPEG compression work?},
  author = {Image Enginering},
  note = {Downloaded Feburary 23 2015},
  howpublished = {\url{http://www.image-engineering.de/index.php?option=com_content&view=article&id=522}},
  year = {2015},
}

@MISC{AAUSAT4P,
  title = {AAUSAT5},
  author = "Rasmus Gundorff Saederup",
  note = {Downloaded Feburary 24 2015},
  howpublished = {\url{https://www.flickr.com/photos/118193674@N04/sets/72157648831307898/}},
  year = {2015},
}


@MISC{YCrCbkilde,
  title = {AIC - Color Conversion},
  author = {Eric Van Bilsen},
  note = {Downloaded Feburary 24 2015},
  howpublished = {\url{http://www.bilsen.com/aic/colorconversion.shtml}},
  year = {2015},
}

@MISC{Huffman_coding,
  title = {Image compression: how Math led to the JPEG2000 standard},
  author = {WhyDoMath},
  note = {Downloaded Feburary 27 2015},
  howpublished = {\url{http://www.whydomath.org/node/wavlets/imagecompression.html}},
  year = {2015},
}

@MISC{LosslessAndLossy1,
  title = {How File Compression Works},
  author = {Tom Harris},
  note = {Downloaded Feburary 27 2015},
  howpublished = {\url{http://computer.howstuffworks.com/file-compression3.htm}},
  year = {2015},
}

@MISC{LosslessAndLossy2,
  title = {Lossless and lossy compression},
  author = {Margaret Rouse},
  note = {Downloaded Feburary 27 2015},
  howpublished = {\url{http://whatis.techtarget.com/definition/lossless-and-lossy-compression}},
  year = {2005},
}

@MISC{gom,
  title = {CubeSat Space Protocol (CSP)},
  author = {Gomspace},
  note = {Downloaded Feburary 27 2015},
  howpublished = {\url{http://gomspace.com/documents/GS-CSP-1.1.pdf}},
  year = {2015},
}



@MISC{CSPgit,
  title = {Client and server example},
  author = {GomSpace},
  note = {Downloaded Feburary 27 2015},
  howpublished = {\url{https://github.com/GomSpace/libcsp/blob/master/doc/example.md}},
  year = {2014},
}

@MISC{Huffmanbinarytree,
  title = {Text compression with huffman coding},
  author = {Barry Brown},
  note = {Downloaded March 7 2015},
  howpublished = {\url{https://www.youtube.com/watch?v=ZdooBTdW5bM}},
  year = {2012},
}

@MISC{TIFFZIP,
  title = {RAW, JPEG and TIFF},
  author = {Bob Atkins},
  note = {Downloaded March 7 2015},
  howpublished = {\url{http://photo.net/learn/raw/}},
  year = {2004},
}

@MISC{LAFPGA,
  title = {lcmxo2-7000},
  author = {latticestore},
  note = {Downloaded March 10 2015},
  howpublished = {\url{http://www.latticestore.com/products/tabid/417/categoryid/9/productid/519/searchid/1/default.aspx?searchvalue=lcmxo2-7000*}},
  year = {2014},
}

@MISC{EEtimes,
  title = {A tradeoff between microcontroller, DSP, FPGA and ASIC technologies},
  author = {Peter Bishop},
  note = {Downloaded March 13 2015},
  howpublished = {\url{http://www.eetimes.com/document.asp?doc_id=1275272}},
  year = {2009},
}

@MISC{JPEGFaktor,
  title = {A Comparison of JPEG Compression Levels and Recompression},
  author = {Jeff Atwood},
  note = {Downloaded March 13 2015},
  howpublished = {\url{http://blog.codinghorror.com/a-comparison-of-jpeg-compression-levels-and-recompression/}},
  year = {2006},
}

@MISC{SD_SPI,
  title = {AN10911 - SD(HC)-memory card and MMC interface conditioning},
  author = {NXP Semiconductors},
  note = {Downloaded March 15 2015},
  howpublished = {\url{http://www.nxp.com/documents/application_note/AN10911.pdf}},
  year = {2013},
}

@MISC{MIPI_FPGA,
  title = {PRODUCT SELECTOR GUIDE},
  author = { Lattice Semiconductor Corporation},
  note = {Downloaded March 16 2015},
  howpublished = {\url{http://www.latticesemi.com/~/media/Documents/ProductBrochures/NZ/ProductSelectorGuide.PDF}},
  year = {2014},
}

@MISC{FPGA_info,
  title = {LCMXO2},
  author = { Lattice Semiconductor Corporation},
  note = {Downloaded March 16 2015},
  howpublished = {\url{http://www.latticestore.com/products/tabid/417/categoryid/9/productid/519/searchid/1/default.aspx?searchvalue=lcmxo2-7000*}},
  year = {2014},
}

@MISC{SD_SPEED,
  title = {SD Standard Overview - Speed Class},
  author = {SD Association},
  note = {Downloaded March 23 2015},
  howpublished = {\url{https://www.sdcard.org/developers/overview/speed_class/}},
  year = {2014},
}

@MISC{CSPwiki,
  title = {Cubesat Space Protocol},
  author = {Wikipedia},
  note = {Downloaded Feburary 27 2015},
  howpublished = {\url{http://en.wikipedia.org/wiki/Cubesat_Space_Protocol}},
  year = {2014},
}


@MISC{Xapp,
  title = {D-PHY Solutions},
  author = {Marc Defossez},
  note = {Downloaded March 24 2015},
  howpublished = {\url{http://www.xilinx.com/support/documentation/application_notes/xapp894-d-phy-solutions.pdf}},
  year = {2014},
}

@MISC{MIPI_IP,
  title = {MIPI D-PHY Interface IP},
  author = {Lattice Semiconductor},
  note = {Downloaded February 18 2015},
  howpublished = {unkown},
  year = {2014},
}

@MISC{picam_datasheet,
  title = {OV5647 Datasheet},
  author = {Omnivision},
  note = {Downloaded February 13 2015},
  howpublished = {\url{http://www.seeedstudio.com/wiki/images/3/3c/Ov5647_full.pdf}},
  year = {2009},
}

@MISC{ps_qmatrix,
  title = {JPEG Compression Quality from Quantization Tables},
  author = {Impulseadventure},
  note = {Downloaded February 13 2015},
  howpublished = {\url{http://www.impulseadventure.com/photo/jpeg-quantization.html}},
  year = {2008},
}

@MISC{300_fibonacci,
  title = {The Fibonacci numbers},
  author = {Ron Knott},
  note = {Downloaded May 5 2015},
  howpublished = {\url{http://www.maths.surrey.ac.uk/hosted-sites/R.Knott/Fibonacci/fibtable.html}},
  year = {2011},
}


@MISC{SDFATFILE,
  title = {Sd-Card Fat file system},
  author = {Freescale, Mandar Bhat},
  note = {Downloaded May 15 2015},
  howpublished = {\url{https://community.freescale.com/docs/DOC-100913}},
  year = {2014},
}


@MISC{RAMDatasheet,
  title = {AS4C4M16S 4M x 16 bit Synchronous DRAM},
  author = {Alliance Memory},
  note = {Downloaded February 15 2015},
  howpublished = {\url{http://www.alliancememory.com/pdf/dram/64m-as4c4m16s.pdf}},
  year={2011},
}

@MISC{MIPIBridgeDatasheet,
  title = {MIPI CSI2-to-CMOS Parallel Sensor Bridge},
  author = {Lattice semiconductor},
  note = {Downloaded may 19 2015},
  howpublished = {\url{http://www.latticesemi.com/view_document?document_id=50533}},
  year={2012},
}

@MISC{MCU_datasheet,
  title = {K60 Sub-Family Reference Manual},
  author = {Freescale},
  note = {Downloaded march 31 2015},
  howpublished = {\url{http://cache.freescale.com/files/32bit/doc/ref_manual/K60P144M100SF2V2RM.pdf}},
  year={2012},
}


@MISC{K10_datasheet,
  title = {K10 Sub-Family Data Sheet},
  author = {Freescale},
  note = {Downloaded may 23 2015},
  howpublished = {\url{http://cache.freescale.com/files/32bit/doc/data_sheet/K10P100M100SF2V2.pdf}},
  year={2013},
}


@MISC{MCU_users_guide,
  title = {K10 Sub-Family Reference Manual},
  author = {Freescale},
  note = {Downloaded may 23 2015},
  howpublished = {\url{http://cache.freescale.com/files/32bit/doc/ref_manual/K10P100M100SF2V2RM.pdf}},
  year={2012},
}


@MISC{XO2_datasheet,
  title = {MachXO2 Family Datasheet},
  author = {Lattice Semiconductor},
  note = {Downloaded may 23 2015},
  howpublished = {\url{http://www.latticesemi.com/~/media/LatticeSemi/Documents/DataSheets/MachXO23/MachXO2FamilyDataSheet.pdf}},
  year={2015},
}

@MISC{S3_datasheet,
  title = {Extended Spartan-3A Family Overview},
  author = {Xilinx},
  note = {Downloaded may 23 2015},
  howpublished = {\url{http://www.xilinx.com/support/documentation/data_sheets/ds706.pdf}},
  year={2011},
}

@MISC{RFT_table,
  title = {Reduced Functional Test, Rev 1.3},
  author = {AAUSAT team},
  note = {Downloaded may 23 2015},
  howpublished = {not published},
  year={2015},
}

@MISC{MCU_selection_guide,
  title = {Beyond Bits: Next-Generation Microcontrollers},
  author = {Freescale semiconductor},
  note = {Downloaded may 23 2015},
  howpublished = {\url{http://cache.freescale.com/files/microcontrollers/doc/brochure/BR8BITBYNDBITS5.pdf}},
  year={2010},
}